<?xml version="1.0" encoding="UTF-8"?><collection xmlns="http://www.loc.gov/MARC21/slim"><record><leader>00591nam--2200181-i-4500</leader><controlfield tag="001">000009372</controlfield><controlfield tag="002">20161230</controlfield><controlfield tag="005">20161230201028</controlfield><controlfield tag="008">060222s1000------------r-----000-0-eng-d</controlfield><datafield ind1=" " ind2=" " tag="040"><subfield code="a">IFIN-HH</subfield></datafield><datafield ind1=" " ind2=" " tag="080"><subfield code="a">669.017</subfield></datafield><datafield ind1="1" ind2=" " tag="100"><subfield code="a">Pomeroy, C.D</subfield></datafield><datafield ind1="1" ind2="0" tag="245"><subfield code="a">Physical basis of yield and fracture</subfield><subfield code="b">Conference proceedings oxford september 1966</subfield><subfield code="c">C.d. pomeroy (chairman)</subfield></datafield><datafield ind1=" " ind2=" " tag="260"><subfield code="a">London</subfield><subfield code="b">Institute Of Physics And Physical Society</subfield><subfield code="c">1966</subfield></datafield><datafield ind1=" " ind2=" " tag="300"><subfield code="a">301P</subfield></datafield><datafield ind1=" " ind2=" " tag="490"><subfield code="a">Institute Of Physics And Physical Society Conference Series No.1</subfield></datafield><datafield ind1=" " ind2=" " tag="852"><subfield code="a">27422</subfield><subfield code="c">539.2</subfield></datafield><datafield ind1=" " ind2=" " tag="CAT"><subfield code="a">Sys</subfield><subfield code="c">20121012</subfield><subfield code="h">151353</subfield></datafield></record></collection>